Beitrag in einer Zeitschrift
@article{lindensave,
  author = {Kai Dordowsky},
  title = {Die Linden sind erst einmal sicher},
  journal = {Lübecker Nachrichten},
  volume = {16. September 2016},
  number = {260},
  year = {2016},
  pages = {3}
}

Buch
@book{brehmer,
  author = {W. Brehmer},
  title = {Lübeckische Häusernamen nebst Beiträgen zur Geschichte einzelner Häuser},
  year = {1890},
  edition = {1. Auflage},
  publisher = {H. G. Rathgens}
}

Beitrag im Berichtsband einer Konferenz
@inproceedings{llll,
  author = {Dr. Frank Claus},
  title = {Lübecks Linden leben lassen},
  booktitle = {Info-Veranstaltung},
  pages = {13--15},
  year = 2016,
  editor = {Hansestadt Lübeck},
  volume = 4711,
  publisher = {MUK},
  series = {Pressedienst}
}

Artikel auf einer Website
@misc{llllweb,
  author = {Bürgerinitiative},
  title = {Lübecks Linden leben lassen},
  year = {2016},
  howpublished = "\url{http://luebecks-linden-leben-lassen.de}",
  note = "[Online; Zugriff am 13.12.2016]"
}